@thesis{cami,
	author=	 {Camila Pérez Mosquera},
	title=	{Primeras aproximaciones a la Búsqueda de Vecidad Infinitamente Variable},
	year = {2017},
	language = {Español},
	location = {La Habana},
	institution = {Facultad de Mátematica y Computación},
}

@thesis{gemural,
	author = {Antonio Rodríguez Alayón},
	title = {Generación Multilenguaje de Rutinas de Álgebra Lineal},
	institution = {Facultad de Mátematica y Computación},
	date = {Junio de 2010},
	language = {Español},
	location = {La Habana},
	pagetotal = {64}
}

@thesis{hoyos,
	author=	 {Jorge Luis Hoyos},
	title=	{Un Lenguaje para representar Modelos Matemáticos en Lisp},
	year = {2017},
	language = {Español},
	location = {La Habana},
	institution = {Facultad de Mátematica y Computación},
}

@thesis{Adol*,
	author = {Manuel Alejandro Cabrera Castillo},
	title = {Una posibilidad real de utilizar Difenenciación Automática en cualquier lenguaje de programación},
	institution = {Facultad de Mátematica y Computación},
	date = {Junio de 2012},
	language = {Español},
	location = {La Habana},
	pagetotal = {75}
}

@book{let-over-lambda,
   title =     {Let Over Lambda : 50 years of lisp},
   author =    {Doug Hoyte},
   publisher = {Doug Hoyte/HCSW and Hoytech production},
   year =      {2008.},
   series =    {},
   edition =   {},
   volume =    {},
   keywords = {lisp},}

@book{ansi-common-lisp,
   title =     {ANSI Common LISP},
   author =    {Paul Graham},
   publisher = {Prentice Hall},
   year =      {1996},
   series =    {Prentice Hall series in artificial intelligence},
   edition =   {1st edition},
   volume =    {},}

@book{onlisp,
   title =     {On LISP: Advanced Techniques for Common LISP},
   author =    {Paul Graham},
   publisher = {Prentice Hall},
   year =      {1993},
   series =    {},
   edition =   {1st},
   volume =    {},}

   
  
   @book{DA,
   title =     {Evaluating Derivatives: Principles and
Techniques of Algorithmic Differentiation},
   author =    { Griewank, Andreas, y Andrea Walthe},
   publisher = {SIAM},
   year =      {2008},
   series =    {},
   edition =   {2da},
   volume =    {},}
   
   
   
@book{common-lisp-hyperspec,
   title =     {Common Lisp hyperspec},
   author =    {Lambert M. Surhone, Mariam T. Tennoe, Susan F. Henssonow},
   publisher = {Betascript Publishing},
   year =      {2010},
   series =    {},
   edition =   {},
   volume =    {},}

@book{gentle-introduction-to-common-lisp,
   title =     {Common Lisp. A Gentle Introduction To Symbolic Computation},
   author =    {David S. Touretzky},
   publisher = {Benjamin-Cummings Pub Co},
   year =      {1989},
   series =    {},
   edition =   {},
   volume =    {},}

@book{gentle-introduction-to-common-lisp-2013,
   title =     {Common LISP: A Gentle Introduction to Symbolic Computation},
   author =    {David S. Touretzky},
   publisher = {Dover Publications},
   year =      {2013},
   series =    {Dover Books on Engineering},
   edition =   {Revised},
   volume =    {},}

@book{common-lisp-interactive-approach,
   title =     {Common Lisp: An Interactive Approach (Principles of Computer Science Series)},
   author =    {Stuart C. Shapiro},
   publisher = {W.H. Freeman ; Company},
   year =      {1991},
   series =    {Principles of Computer Science Series}}

@book{clos-overview,
   title =     {The Common Lisp object system. An overview},
   author =    {DeMichiel L.G.},
   publisher = {},
   isbn =      {},
   year =      {},
   series =    {},
   edition =   {},
   volume =    {},
   keywords = {lisp},}


@book{successful-lisp,
   title =     {Successful Lisp.How to understand and use Common Lisp},
   author =    {David B. Lamkins},
   publisher = {bookfix.com},
   year =      {2004},
   series =    {},
   edition =   {},
   volume =    {}}

@book{practical-common-lisp,
   title =     {Practical Common Lisp},
   author =    {Peter Seibel},
   publisher = {APRESS / SPRINGER-VERLAG},
   isbn =      {},
   year =      {1980},
   series =    {},
   edition =   {},
   volume =    {},
   keywords = {lisp},}

@book{cltl2,
   title =     {Common Lisp, The Language, 2nd Edition},
   author =    {Guy Steele},
   publisher = {},
   year =      {1990},
   series =    {},
   edition =   {2},
   volume =    {},}
   
@book{Land-of-Lisp,
   title =     {Land of Lisp},
   author =    {Conrad Barski},
   publisher = {No Starch Press},
   year =      {2011}} .
   
@book{implementations_DSL,
   title =     {Languaje Implementation Patterns. Create Your Own Domain Specific and General Programming Languages},
   author =    {Guido van Rossun; Dan Bornstein; Tom Nurkkala; Kyle Ferrio, PhD},
   year =      {2009},
   edition =   {3},
   volume =    {2010-1-4},}
   
   
 @book{dslEngineering,
   title =     {DSL Engineering. Designing, Implementing and Using Domain-Specific Languajes},
   author =    {Markus Voelter; Sebastian Benz; Christian Dietrich; Mats Helander},
   year =      {2010-2013},}}
    
   
 @Article{disenoDSL,
   title =     {Diseño y Construcción de Lenguajes Específicos del Dominio},
   author =    {Mariano Luzza; Mario Berón; Germán Montejano; Mario Peralta},
   year =      { 2012},
   publisher = {WICC}
}

 @Article{DSM,
   title =     {Lenguaje Específico de Dominio para Aplicaciones de
Negocios},
   author =    {Claudia Naveda; Alberto Cortez; Germán Montejano; Daniel Riesco},
   publisher = {Universidad del Aconcagua}
}

@book{HTML,
   title =     {HTML: The Complete Reference, Second Edition},
   author =    {Thomas Powell},
   year =      {1999},
   month=      {May,June},
   publisher = {The McGraw-Hill Companies},}



@book{sonya,
   title =     {Object-Oriented Programming in Common Lisp},
   author =    {Keene S.E.},
   publisher = {},
   isbn =      {},
   year =      {1989},
   series =    {},
   edition =   {},
   volume =    {},
}

@book{pdf,
   title =     {PDF Reference Version 1.7},
   author =    {Adobe Systems Inc.},
   publisher = {},
   isbn =      {},
   year =      {2006},
   series =    {},
   edition =   {6},
   volume =    {},
}

@book{dsltools,
   title =     {Domain-Specific Development with Visual Studio DSL Tools},
   author =    {Steve Cook; Gareth Jones; Stuart Kent; Alan Cameron Wills},
   publisher = {Addison-Wesley},
   year =      {2007},
   edition =   {},
   volume =    {},
   }

@book{xtext,
   title =     {Implementing domain-specific languages with Xtext and Xtend},
   author =    {Bettini L.},
   publisher = {Packt},
   year =      {2013},
   series =    {},
   edition =   {},
   volume =    {},
   }

@book{ruby,
   title =     {Addison-Wesley Professional Ruby Series Rails Plugins: Extending Rails Beyond the Core},
   author =    {Adam J.},
   publisher = {},
   isbn =      {},
   year =      {2006},
   series =    {},
   edition =   {},
   volume =    {},}


@book{matlab,
   title =     {A concise introduction to MATLAB},
   author =    {William J Palm},
   publisher = {McGraw-Hill },
   year =      {2008},
   series =    {},
   edition =   {},
   volume =    {},}

@book{asp.netcore,
   title =     {Pro ASP.NET Core MVC },
   author =    {ADAM FREEMAN},
   publisher = {Apress},
   year =      {2016},
   series =    {},
   edition =   {6},
   volume =    {},}

@book{markdown,
   title =     {bookdown: Authoring Books and Technical Documents with R Markdown},
   author =    {Yihui Xie},
   publisher = {Chapman  Hall  CRC},
   year =      {2016},
   series =    {Chapman  Hall  CRC R Series},
   edition =   {},
   volume =    {},}

@book{antlr,
   title =     {The Definitive ANTLR 4 Reference, 2nd Edition},
   author =    {Terence Parr},
   publisher = {Pragmatic Bookshelf},
   isbn =      {},
   year =      {2013},
   series =    {},
   edition =   {2nd},
   volume =    {},}

@book{latex,
   title =     {A Guide to LATEX: Document Preparation for Beginners and Advanced Users (3rd Edition)},
   author =    {Helmut Kopka, Patrick W. Daly},
   publisher = {Addison-Wesley Professional},
   year =      {1999},
   series =    {},
   edition =   {},
   volume =    {},}

@book{texinfo,
   title =     {Texinfo 4.0},
   author =    {Chassell R.J.},
   publisher = {},
   isbn =      {},
   year =      {2000},
   series =    {},
   edition =   {},
   volume =    {},}

@book{entity,
   title =     {Entity Framework 6 Recipes},
   author =    {Brian Driscoll},
   publisher = {Apress},
   year =      {2013},
   edition =   {2},}

@book{yacc,
   title =     {lex and yacc},
   author =    {Doug Brown, John Levine, Tony Mason},
   publisher = {O’Reilly Media},
   year =      {1995},
   edition =   {2},}

@book{meyer,
   title =     {Object Oriented Software Construction},
   author =    {Bertrand Meyer},
   publisher = {Prentice Hall},
   year =      {2000},
   edition =   {2nd},}

@book{dsl1,
   title =     {Formal and Practical Aspects of Domain-Specific Languages Recent Developments},
   author =    {Mernik M },
   publisher = {IGI Global},
   year =      {2013},
   series =    {Premier Reference Source},}

@book{emacs,
   title =     {Emacs manual},
   author =    {Richard Stallman},
   year =      {1997},} 
   
@book{AST,
   title =     {The theory of parsing, translation, and compiling},
   author =    {Alfred V. Aho, Jeffrey D. Ullman},
   publisher = {Prentice-Hall},
   isbn =      {9780139145568,0139145567,0139145648},
   year =      {1972},
   series =    {Prentice-Hall series in automatic computation},
   edition =   {},
   volume =    {Volume I},
   url =       {http://gen.lib.rus.ec/book/index.php?md5=54B3C50B63C656128EE3564FC1B7D4E3}}
   
 @Article{BFN,
   title =     {Syntax diagrams - Backus Normal Form (BNF)},
   url =    {https://ss64.com/docs/bnf.html},
   year =      { [Online, accedido 4-2-2017]},
}  

@Article{ODT,
   title =     {Leyendo documentos ODF (*.odt, *.ods, *.odp) con Apache OpenOffice},
   url =    {https://www.openoffice.org/es/por-que/why_odf.html},
   year =      { [Online, accedido 12-3-2017]},
}  

@Article{R,
   title =     {R, un lenguaje y entorno de programación para análisis estadístico},
   url =    {
https://www.genbetadev.com/formacion/r-un-lenguaje-y-entorno-de-programacion-para-analisis-estadistico},
   year =      { [Online, accedido 12-3-2017]},
}  


@book{graph,
   title =     {Drawing graphs with dot},
   author =    {Emden Gansner and Eleftherios Koutsofios and Stephen North},
   year =      {2006},} 
   


   